<?xml version="1.0" encoding="UTF-8"?><collection xmlns="http://www.loc.gov/MARC21/slim"><record><leader>00461nam--2200133-i-4500</leader><controlfield tag="001">000026384</controlfield><controlfield tag="002">20161230</controlfield><controlfield tag="005">20161230201036</controlfield><controlfield tag="008">060222s1000------------r-----000-0-eng-d</controlfield><datafield ind1=" " ind2=" " tag="080"><subfield code="a">620.1.05(08)</subfield></datafield><datafield ind1=" " ind2=" " tag="245"><subfield code="a">Instructiuni pt.verificarea masinilor de incercari la oboseala prin incovoire rotativa</subfield></datafield><datafield ind1=" " ind2=" " tag="260"><subfield code="a">Bucuresti, Ed.Tehnica, 1976. 15p</subfield></datafield><datafield ind1=" " ind2=" " tag="490"><subfield code="a">Inspectoratul General De Stat Pt.Controlul Calitatii Produselor. Inst.National De Metrologie</subfield></datafield><datafield ind1=" " ind2=" " tag="852"><subfield code="a">43524</subfield></datafield></record></collection>